<?xml version="1.0" encoding="UTF-8"?><collection xmlns="http://www.loc.gov/MARC21/slim"><record><leader>00409nam--2200157-u-4500</leader><controlfield tag="001">000052029</controlfield><controlfield tag="002">20161230</controlfield><controlfield tag="005">20161230201049</controlfield><controlfield tag="008">090602s1000------------r-----000-0-eng-d</controlfield><datafield ind1=" " ind2=" " tag="040"><subfield code="a">IFIN-HH</subfield></datafield><datafield ind1=" " ind2=" " tag="080"><subfield code="a">517.9</subfield></datafield><datafield ind1="1" ind2=" " tag="100"><subfield code="a">Smirnov,V.I</subfield></datafield><datafield ind1="1" ind2=" " tag="245"><subfield code="a">Izbranye Trudy. Kompleksnyi Analiz Matematicheskaya Teoriya Difraktsii</subfield></datafield><datafield ind1=" " ind2=" " tag="260"><subfield code="a">Leningrad</subfield><subfield code="c">1988</subfield></datafield><datafield ind1=" " ind2=" " tag="852"><subfield code="a">78979</subfield><subfield code="c">517.9</subfield></datafield><datafield ind1=" " ind2=" " tag="CAT"><subfield code="a">Sys</subfield><subfield code="c">20090602</subfield><subfield code="h">083828</subfield></datafield></record></collection>